@book{Khan_2013, place={Hoboken, N.J}, title={Digital Design of Signal Processing Systems: A practical approach}, publisher={Wiley}, author={Khan, Shoab Ahmed}, year={2013}}

@book{Oppenheim_Schafer_2010, place={New Jersy, Estados Unidos}, title={Discrete -time signal processing}, publisher={Pearson Higher Education}, author={Oppenheim, Alan and Schafer, Ronald W.}, year={2010}} 

@book{barry2004digital,
  title     = {Digital Communication},
  author    = {Barry, John R. and Lee, Edward A. and Messerschmitt, David G.},
  year      = {2004},
  edition   = {3rd},
  publisher = {Springer},
  address   = {Boston, MA},
  isbn      = {978-0-387-94359-4}
}
